<?xml version="1.0" encoding="UTF-8"?><collection xmlns="http://www.loc.gov/MARC21/slim"><record><leader>00369nam--2200133-i-4500</leader><controlfield tag="001">000018982</controlfield><controlfield tag="002">20161230</controlfield><controlfield tag="005">20161230201033</controlfield><controlfield tag="008">060222s1000------------r-----000-0-eng-d</controlfield><datafield ind1=" " ind2=" " tag="080"><subfield code="a">547.25</subfield></datafield><datafield ind1=" " ind2=" " tag="100"><subfield code="a">Eisch, John J</subfield></datafield><datafield ind1=" " ind2=" " tag="245"><subfield code="a">The chemistry of organometallic compounds. the main group elements</subfield></datafield><datafield ind1=" " ind2=" " tag="260"><subfield code="a">New York, The Macmillan Co., 1967. Xi + 178 P</subfield></datafield><datafield ind1=" " ind2=" " tag="852"><subfield code="a">27845</subfield></datafield></record></collection>